@book{zwiebach,
   author = {Zwiebach, Barton},
   year = {2009},
   title = {A First Course in String Theory},
   edition   = 2,
   publisher = {New York: Cambridge University Press},
}


@article{costa,
   author={Costa, M.E.V and H.J. De Vega},
   title={Strings in Gravitational Shock Wave Backgrounds},
   journal={Annals of Physics},
   month   = 11,
   volume={211},
   year=1991,
   pages={223-234}
}

@book{lachlan,
   author = {McLachlan, N.W.},
   year = {1951},
   title = {Theory and Application of Mathieu Functions},
   publisher = {Oxford: The clarendon Press},
}

@book{schwarz,
   author = {John H. Schwarz},
   year = {1985},
   title = {Superstrings: The First 15 Years of Superstring Theory},
   publisher = {World Scientific},
}

@article{jordan,
   author = {P. Jordan, J Ehlers and W. Kundt},
   title = {Republication of: Exact solutions to the field equations of the general theory of relativity},
   journal={Gen. Relativ. Gravit.},
   volume={41},
   year=2009,
   pages={2191-2280}
}